@article{Bracher_2021,
  title     = {Evaluating epidemic forecasts in an interval format},
  volume    = {17},
  issn      = {1553-7358},
  url       = {http://dx.doi.org/10.1371/journal.pcbi.1008618},
  doi       = {10.1371/journal.pcbi.1008618},
  number    = {2},
  journal   = {PLoS Computational Biology},
  publisher = {Public Library of Science (PLoS)},
  author    = {Bracher, Johannes and Ray, Evan L. and Gneiting, Tilmann and Reich, Nicholas G.},
  editor    = {Pitzer, Virginia E.},
  year      = {2021},
  month     = feb,
  pages     = {e1008618}
}
