@article{davies2001local,
  title     = {Local extremes, runs, strings and multiresolution},
  author    = {Davies, P Laurie and Kovac, Arne},
  journal   = {The Annals of Statistics},
  volume    = {29},
  number    = {1},
  pages     = {1--65},
  year      = {2001},
  publisher = {Institute of Mathematical Statistics}
}

@article{tukey1993exploratory,
  title   = {Exploratory analysis of variance as providing examples of strategic choices},
  author  = {Tukey, John W},
  journal = {New Directions in Statistical Data Analysis and Robustness, Basel. Birkh{\"a}user},
  year    = {1993}
}

@article{yamada2016selecting,
  title     = {Selecting the tuning parameter of the $\ell_1$ trend filter},
  author    = {Yamada, Hiroshi and Yoon, Gawon},
  journal   = {Studies in Nonlinear Dynamics \& Econometrics},
  volume    = {20},
  number    = {1},
  pages     = {97--105},
  year      = {2016},
  publisher = {De Gruyter}
}

@article{yamada2018new,
  title     = {A New Method for Specifying the Tuning Parameter of $\ell_1$ Trend Filtering},
  author    = {Yamada, Hiroshi},
  journal   = {Studies in Nonlinear Dynamics \& Econometrics},
  volume    = {22},
  number    = {4},
  year      = {2018},
  publisher = {De Gruyter}
}

@article{deledalle2017estimation,
  title   = {Estimation of Kullback-Leibler losses for noisy recovery problems within the exponential family},
  author  = {Deledalle, Charles-Alban},
  journal = {Electronic Journal of Statistics},
  volume  = {11},
  pages   = {3141--3164},
  year    = {2017}
}

@article{briers2010smoothing,
  title     = {Smoothing algorithms for state--space models},
  author    = {Briers, Mark and Doucet, Arnaud and Maskell, Simon},
  journal   = {Annals of the Institute of Statistical Mathematics},
  volume    = {62},
  pages     = {61--89},
  year      = {2010},
  publisher = {Springer}
}

@book{sarkka2013bayesian,
  title     = {Bayesian filtering and smoothing},
  author    = {S{\"a}rkk{\"a}, Simo},
  number    = {3},
  year      = {2013},
  publisher = {Cambridge university press}
}

@book{durbin2012time,
  title     = {Time series analysis by state space methods},
  author    = {Durbin, James and Koopman, Siem Jan},
  volume    = {38},
  year      = {2012},
  publisher = {OUP Oxford}
}

@article{mammen1997locally,
  title     = {Locally adaptive regression splines},
  author    = {Mammen, Enno and van de Geer, Sara},
  journal   = {The Annals of Statistics},
  volume    = {25},
  number    = {1},
  pages     = {387--413},
  year      = {1997},
  publisher = {Institute of Mathematical Statistics}
}

@article{steidl2006splines,
  title     = {Splines in higher order {TV} regularization},
  author    = {Steidl, Gabriele and Didas, Stephan and Neumann, Julia},
  journal   = {International journal of computer vision},
  volume    = {70},
  number    = {3},
  pages     = {241--255},
  year      = {2006},
  publisher = {Springer}
}

@article{kolmogorov2016total,
  title     = {Total variation on a tree},
  author    = {Kolmogorov, Vladimir and Pock, Thomas and Rolinek, Michal},
  journal   = {SIAM Journal on Imaging Sciences},
  volume    = {9},
  number    = {2},
  pages     = {605--636},
  year      = {2016},
  publisher = {SIAM}
}

@article{condat2013direct,
  title     = {A direct algorithm for 1-D total variation denoising},
  author    = {Condat, Laurent},
  journal   = {IEEE Signal Processing Letters},
  volume    = {20},
  number    = {11},
  pages     = {1054--1057},
  year      = {2013},
  publisher = {IEEE}
}

@article{scherzer2009variational,
  title     = {Variational methods in imaging},
  author    = {Scherzer, Otmar and Grasmair, Markus and Grossauer, Harald and Haltmeier, Markus and Lenzen, Frank},
  year      = {2009},
  publisher = {Springer}
}

@article{delamater2019complexity,
  title     = {Complexity of the basic reproduction number (R0)},
  author    = {Delamater, Paul L and Street, Erica J and Leslie, Timothy F and Yang, Y Tony and Jacobsen, Kathryn H},
  journal   = {Emerging infectious diseases},
  volume    = {25},
  number    = {1},
  pages     = {1},
  year      = {2019},
  publisher = {Centers for Disease Control and Prevention}
}

@article{diekmann1990definition,
  title     = {On the definition and the computation of the basic reproduction ratio R 0 in models for infectious diseases in heterogeneous populations},
  author    = {Diekmann, Odo and Heesterbeek, Johan Andre Peter and Metz, Johan AJ},
  journal   = {Journal of mathematical biology},
  volume    = {28},
  pages     = {365--382},
  year      = {1990},
  publisher = {Springer}
}

@article{fine1993herd,
  title     = {Herd immunity: history, theory, practice},
  author    = {Fine, Paul EM},
  journal   = {Epidemiologic reviews},
  volume    = {15},
  number    = {2},
  pages     = {265--302},
  year      = {1993},
  publisher = {Oxford University Press}
}

@article{taubenberger20061918,
  title   = {1918 {I}nfluenza: the mother of all pandemics},
  author  = {Taubenberger, Jeffery K and Morens, David M},
  journal = {Emerging Infectious Diseases},
  volume  = {17},
  number  = {1},
  pages   = {69--79},
  year    = {2006},
  note    = {\url{https://doi.org/10.3201%2Feid1201.050979}}
}

@article{abry2020spatial,
  title   = {Spatial and temporal regularization to estimate {COVID-19} reproduction number \emph{R(t)}: Promoting piecewise smoothness via convex optimization},
  author  = {Abry, Patrice and Pustelnik, Nelly and Roux, St{\'e}phane and Jensen, Pablo and Flandrin, Patrick and Gribonval, R{\'e}mi and Lucas, Charles-G{\'e}rard and Guichard, {\'E}ric and Borgnat, Pierre and Garnier, Nicolas},
  journal = {PLoS ONE},
  volume  = {15},
  number  = {8},
  pages   = {e0237901},
  year    = {2020},
  note    = {\url{https://doi.org/10.1371/journal.pone.0237901}}
}

@article{dietz1993estimation,
  title     = {The estimation of the basic reproduction number for infectious diseases},
  author    = {Dietz, Klaus},
  journal   = {Statistical methods in medical research},
  volume    = {2},
  number    = {1},
  pages     = {23--41},
  year      = {1993},
  publisher = {Sage Publications Sage CA: Thousand Oaks, CA}
}

@article{anderson1985vaccination,
  title     = {Vaccination and herd immunity to infectious diseases},
  author    = {Anderson, Roy M and May, Robert M},
  journal   = {Nature},
  volume    = {318},
  number    = {6044},
  pages     = {323--329},
  year      = {1985},
  publisher = {Nature Publishing Group UK London}
}

@article{anderson1982directly,
  title     = {Directly transmitted infections diseases: control by vaccination},
  author    = {Anderson, Roy M and May, Robert M},
  journal   = {Science},
  volume    = {215},
  number    = {4536},
  pages     = {1053--1060},
  year      = {1982},
  publisher = {American Association for the Advancement of Science}
}

@article{cori2013new,
  title   = {A new framework and software to estimate time-varying reproduction numbers during epidemics},
  author  = {Cori, Anne and Ferguson, Neil M and Fraser, Christophe and Cauchemez, Simon},
  journal = {American Journal of Epidemiology},
  volume  = {178},
  number  = {9},
  pages   = {1505--1512},
  year    = {2013},
  note    = {\url{https://doi.org/10.1093/aje/kwt133}}
}

@article{heffernan2005perspectives,
  title     = {Perspectives on the basic reproductive ratio},
  author    = {Heffernan, Jane M and Smith, Robert J and Wahl, Lindi M},
  journal   = {Journal of the Royal Society Interface},
  volume    = {2},
  number    = {4},
  pages     = {281--293},
  year      = {2005},
  publisher = {The Royal Society London}
}

@book{brauer2019mathematical,
  title     = {Mathematical models in epidemiology},
  author    = {Brauer, Fred and Castillo-Chavez, Carlos and Feng, Zhilan},
  volume    = {32},
  year      = {2019},
  publisher = {Springer}
}

@article{tibshirani2014adaptive,
  title   = {Adaptive piecewise polynomial estimation via trend filtering},
  author  = {Tibshirani, Ryan J},
  journal = {The Annals of Statistics},
  volume  = {42},
  number  = {1},
  pages   = {285--323},
  year    = {2014},
  note    = {\url{https://doi.org/10.1214/13-AOS1189}}
}

@article{tibshirani2022divided,
  title     = {Divided differences, falling factorials, and discrete splines: Another look at trend filtering and related problems},
  author    = {Tibshirani, Ryan J},
  journal   = {Foundations and Trends{\textregistered} in Machine Learning},
  volume    = {15},
  number    = {6},
  pages     = {694--846},
  year      = {2022},
  publisher = {Now Foundations and Trends},
  note      = {\url{http://dx.doi.org/10.1561/2200000099}}
}


@article{tibshirani2011solution,
  title     = {The solution path of the generalized lasso},
  author    = {Tibshirani, Ryan J and Taylor, Jonathan},
  journal   = {The annals of statistics},
  volume    = {39},
  number    = {3},
  pages     = {1335--1371},
  year      = {2011},
  publisher = {Institute of Mathematical Statistics}
}

@article{tibshirani2012degrees,
  title     = {Degrees of freedom in lasso problems},
  author    = {Tibshirani, Ryan J and Taylor, Jonathan},
  journal   = {The Annals of Statistics},
  volume    = {40},
  number    = {2},
  pages     = {1198--1232},
  year      = {2012},
  publisher = {Institute of Mathematical Statistics}
}

@inproceedings{wang2014falling,
  title        = {The falling factorial basis and its statistical applications},
  author       = {Wang, Yu-Xiang and Smola, Alex and Tibshirani, Ryan},
  booktitle    = {International Conference on Machine Learning},
  pages        = {730--738},
  year         = {2014},
  organization = {PMLR}
}

@article{kim2009ell_1,
  title   = {$\ell_1$ trend filtering},
  author  = {Kim, Seung-Jean and Koh, Kwangmoo and Boyd, Stephen and Gorinevsky, Dimitry},
  journal = {SIAM Review},
  volume  = {51},
  number  = {2},
  pages   = {339--360},
  year    = {2009},
  note    = {\url{https://doi.org/10.1137/070690274}}
}

@article{ramdas2016fast,
  title     = {Fast and flexible admm algorithms for trend filtering},
  author    = {Ramdas, Aaditya and Tibshirani, Ryan J},
  journal   = {Journal of Computational and Graphical Statistics},
  volume    = {25},
  number    = {3},
  pages     = {839--858},
  year      = {2016},
  publisher = {Taylor \& Francis}
}

@article{gressani2022epilps,
  title   = {EpiLPS: A fast and flexible {B}ayesian tool for estimation of the time-varying reproduction number},
  author  = {Gressani, Oswaldo and Wallinga, Jacco and Althaus, Christian L and Hens, Niel and Faes, Christel},
  journal = {PLoS Computational Biology},
  volume  = {18},
  number  = {10},
  pages   = {e1010618},
  year    = {2022},
  note    = {\url{https://doi.org/10.1371/journal.pcbi.1010618}}
}

@article{johnson2013dynamic,
  title     = {A dynamic programming algorithm for the fused lasso and $\ell_0$-segmentation},
  author    = {Johnson, Nicholas A},
  journal   = {Journal of Computational and Graphical Statistics},
  volume    = {22},
  number    = {2},
  pages     = {246--260},
  year      = {2013},
  publisher = {Taylor \& Francis}
}

@article{rudin1992nonlinear,
  title     = {Nonlinear total variation based noise removal algorithms},
  author    = {Rudin, Leonid I and Osher, Stanley and Fatemi, Emad},
  journal   = {Physica D: nonlinear phenomena},
  volume    = {60},
  number    = {1-4},
  pages     = {259--268},
  year      = {1992},
  publisher = {Elsevier}
}

@article{tibshirani2005sparsity,
  title     = {Sparsity and smoothness via the fused lasso},
  author    = {Tibshirani, Robert and Saunders, Michael and Rosset, Saharon and Zhu, Ji and Knight, Keith},
  journal   = {Journal of the Royal Statistical Society: Series B (Statistical Methodology)},
  volume    = {67},
  number    = {1},
  pages     = {91--108},
  year      = {2005},
  publisher = {Wiley Online Library}
}

@article{wang2016trend,
  author  = {Yu-Xiang Wang and James Sharpnack and Alexander J. Smola and Ryan J. Tibshirani},
  title   = {Trend Filtering on Graphs},
  journal = {Journal of Machine Learning Research},
  year    = {2016},
  volume  = {17},
  number  = {105},
  pages   = {1--41},
  url     = {http://jmlr.org/papers/v17/15-147.html}
}

@inproceedings{wang2014falling,
  title        = {The falling factorial basis and its statistical applications},
  author       = {Wang, Yu-Xiang and Smola, Alex and Tibshirani, Ryan},
  booktitle    = {International Conference on Machine Learning},
  pages        = {730--738},
  year         = {2014},
  organization = {PMLR}
}

@article{padilla2017dfs,
  title   = {The DFS Fused Lasso: Linear-Time Denoising over General Graphs.},
  author  = {Padilla, Oscar Hernan Madrid and Sharpnack, James and Scott, James G and Tibshirani, Ryan J},
  journal = {J. Mach. Learn. Res.},
  volume  = {18},
  pages   = {176--1},
  year    = {2017}
}

@article{sadhanala2017additive,
  title   = {Additive models with trend filtering},
  author  = {Sadhanala, Veeranjaneyulu and Tibshirani, Ryan J},
  journal = {arXiv preprint arXiv:1702.05037},
  year    = {2017}
}

@article{landi2012efficient,
  title     = {An efficient method for nonnegatively constrained Total Variation-based denoising of medical images corrupted by Poisson noise},
  author    = {Landi, Germana and Piccolomini, E Loli},
  journal   = {Computerized Medical Imaging and Graphics},
  volume    = {36},
  number    = {1},
  pages     = {38--46},
  year      = {2012},
  publisher = {Elsevier}
}

@article{dumbgen2009extensions,
  title     = {Extensions of smoothing via taut strings},
  author    = {D{\"u}mbgen, Lutz and Kovac, Arne},
  journal   = {Electronic Journal of Statistics},
  volume    = {3},
  pages     = {41--75},
  year      = {2009},
  publisher = {Institute of Mathematical Statistics and Bernoulli Society}
}

@article{hinterberger2003tube,
  title     = {Tube methods for BV regularization},
  author    = {Hinterberger, Walter and Hinterm{\"u}ller, Michael and Kunisch, Karl and Von Oehsen, Markus and Scherzer, Otmar},
  journal   = {Journal of Mathematical Imaging and Vision},
  volume    = {19},
  number    = {3},
  pages     = {219--235},
  year      = {2003},
  publisher = {Springer}
}

@manual{ryandp,
  title  = {A Dynamic Programming Algorithm for the Fused Lasso Signal Approximator Explained},
  author = {Tibshirani, Ryan}
}

@book{cormen2009introduction,
  title     = {Introduction to algorithms},
  author    = {Cormen, Thomas H and Leiserson, Charles E and Rivest, Ronald L and Stein, Clifford},
  year      = {2009},
  publisher = {MIT press}
}

@article{lang2017batchtools,
  title     = {batchtools: Tools for R to work on batch systems},
  author    = {Lang, Michel and Bischl, Bernd and Surmann, Dirk},
  journal   = {Journal of Open Source Software},
  volume    = {2},
  number    = {10},
  pages     = {135},
  year      = {2017},
  doi       = {10.21105/joss.00135},
  url       = {https://doi.org/10.21105/joss.00135},
  month     = {feb},
  publisher = {The Open Journal}
}

@article{barbero2014modular,
  title   = {Modular proximal optimization for multidimensional total-variation regularization},
  author  = {Barbero, Alvaro and Sra, Suvrit},
  journal = {arXiv preprint arXiv:1411.0589},
  year    = {2014}
}

@article{friedman2007pathwise,
  title     = {Pathwise coordinate optimization},
  author    = {Friedman, Jerome and Hastie, Trevor and H{\"o}fling, Holger and Tibshirani, Robert},
  journal   = {The annals of applied statistics},
  volume    = {1},
  number    = {2},
  pages     = {302--332},
  year      = {2007},
  publisher = {Institute of Mathematical Statistics}
}

@article{tibshirani1996regression,
  author    = {Tibshirani, Robert},
  journal   = {Journal of the Royal Statistical Society: Series B (Methodological)},
  title     = {Regression shrinkage and selection via the lasso},
  year      = {1996},
  number    = {1},
  pages     = {267--288},
  volume    = {58},
  publisher = {Wiley Online Library}
}

@article{rudin1992nonlinear,
  title     = {Nonlinear total variation based noise removal algorithms},
  author    = {Rudin, Leonid I and Osher, Stanley and Fatemi, Emad},
  journal   = {Physica D: nonlinear phenomena},
  volume    = {60},
  number    = {1-4},
  pages     = {259--268},
  year      = {1992},
  publisher = {Elsevier}
}

@article{tibshirani2005sparsity,
  author    = {Tibshirani, Robert and Saunders, Michael and Rosset, Saharon and Zhu, Ji and Knight, Keith},
  journal   = {Journal of the Royal Statistical Society: Series B (Statistical Methodology)},
  title     = {Sparsity and smoothness via the fused lasso},
  year      = {2005},
  number    = {1},
  pages     = {91--108},
  volume    = {67},
  publisher = {Wiley Online Library}
}

@article{arnold2016efficient,
  author    = {Arnold, Taylor B and Tibshirani, Ryan J},
  journal   = {Journal of Computational and Graphical Statistics},
  title     = {Efficient implementations of the generalized lasso dual path algorithm},
  year      = {2016},
  number    = {1},
  pages     = {1--27},
  volume    = {25},
  publisher = {Taylor \& Francis}
}

@inproceedings{wang2014falling,
  author       = {Wang, Yu-Xiang and Smola, Alex and Tibshirani, Ryan},
  booktitle    = {International Conference on Machine Learning},
  title        = {The falling factorial basis and its statistical applications},
  year         = {2014},
  organization = {PMLR},
  pages        = {730--738}
}

@article{mangasarian1971discrete,
  author    = {Mangasarian, Olvi L and Schumaker, Larry L},
  journal   = {SIAM Journal on Control},
  title     = {Discrete splines via mathematical programming},
  year      = {1971},
  number    = {2},
  pages     = {174--183},
  volume    = {9},
  publisher = {SIAM}
}

@article{mangasarian1973best,
  author    = {Mangasarian, Olvi L and Schumaker, Larry L},
  journal   = {SIAM Journal on Numerical Analysis},
  title     = {Best summation formulae and discrete splines},
  year      = {1973},
  number    = {3},
  pages     = {448--459},
  volume    = {10},
  publisher = {SIAM}
}

@book{schumaker2007spline,
  author    = {Schumaker, Larry},
  publisher = {Cambridge University Press},
  title     = {Spline functions: basic theory},
  year      = {2007}
}

@book{de1978practical,
  author    = {De Boor, Carl and De Boor, Carl},
  publisher = {springer-verlag New York},
  title     = {A practical guide to splines},
  year      = {1978},
  volume    = {27}
}

@techreport{de1976splines,
  author      = {De Boor, Carl},
  institution = {Wisconsin Univ Madison Mathematics Research Center},
  title       = {Splines as Linear Combinations of B-Splines. A Survey.},
  year        = {1976}
}

@incollection{lyche1976discrete,
  author    = {Lyche, Tom},
  booktitle = {Spline Functions},
  publisher = {Springer},
  title     = {Discrete polynomial spline approximation methods},
  year      = {1976},
  pages     = {144--176}
}

@article{donoho1998minimax,
  author    = {Donoho, David L and Johnstone, Iain M},
  journal   = {The annals of Statistics},
  title     = {Minimax estimation via wavelet shrinkage},
  year      = {1998},
  number    = {3},
  pages     = {879--921},
  volume    = {26},
  publisher = {Institute of Mathematical Statistics}
}

@article{koenker1994quantile,
  title     = {Quantile smoothing splines},
  author    = {Koenker, Roger and Ng, Pin and Portnoy, Stephen},
  journal   = {Biometrika},
  volume    = {81},
  number    = {4},
  pages     = {673--680},
  year      = {1994},
  publisher = {Oxford University Press}
}

@article{ma2020epidemiological,
  title     = {Epidemiological parameters of coronavirus disease 2019: a pooled analysis of publicly reported individual data of 1155 cases from seven countries},
  author    = {Ma, Shujuan and Zhang, Jiayue and Zeng, Minyan and Yun, Qingping and Guo, Wei and Zheng, Yixiang and Zhao, Shi and Wang, Maggie H and Yang, Zuyao},
  journal   = {Medrxiv},
  pages     = {2020--03},
  year      = {2020},
  publisher = {Cold Spring Harbor Laboratory Press}
}

@article{riccardo2020epidemiological,
  title     = {Epidemiological characteristics of COVID-19 cases and estimates of the reproductive numbers 1 month into the epidemic, Italy, 28 January to 31 March 2020},
  author    = {Riccardo, Flavia and Ajelli, Marco and Andrianou, Xanthi D and Bella, Antonino and Del Manso, Martina and Fabiani, Massimo and Bellino, Stefania and Boros, Stefano and Urdiales, Alberto Mateo and Marziano, Valentina and others},
  journal   = {Eurosurveillance},
  volume    = {25},
  number    = {49},
  pages     = {2000790},
  year      = {2020},
  publisher = {European Centre for Disease Prevention and Control}
}

@article{guzzetta2020impact,
  title   = {The impact of a nation-wide lockdown on COVID-19 transmissibility in Italy},
  author  = {Guzzetta, Giorgio and Riccardo, Flavia and Marziano, Valentina and Poletti, Piero and Trentini, Filippo and Bella, Antonino and Andrianou, Xanthi and Del Manso, Martina and Fabiani, Massimo and Bellino, Stefania and others},
  journal = {arXiv preprint arXiv:2004.12338},
  year    = {2020}
}

@article{pascal2022nonsmooth,
  title   = {Nonsmooth convex optimization to estimate the {C}ovid-19 reproduction number space-time evolution with robustness against low quality data},
  author  = {Pascal, Barbara and Abry, Patrice and Pustelnik, Nelly and Roux, St{\'e}phane and Gribonval, R{\'e}mi and Flandrin, Patrick},
  journal = {IEEE Transactions on Signal Processing},
  volume  = {70},
  pages   = {2859--2868},
  year    = {2022},
  note    = {\url{https://doi.org/10.1109/TSP.2022.3180926}}
}

@article{lee2014proximal,
  title     = {Proximal Newton-type methods for minimizing composite functions},
  author    = {Lee, Jason D and Sun, Yuekai and Saunders, Michael A},
  journal   = {SIAM Journal on Optimization},
  volume    = {24},
  number    = {3},
  pages     = {1420--1443},
  year      = {2014},
  publisher = {SIAM}
}

@article{parikh2014proximal,
  title     = {Proximal algorithms},
  author    = {Parikh, Neal and Boyd, Stephen and others},
  journal   = {Foundations and trends{\textregistered} in Optimization},
  volume    = {1},
  number    = {3},
  pages     = {127--239},
  year      = {2014},
  publisher = {Now Publishers, Inc.}
}

@article{koyama2010approximate,
  title     = {Approximate methods for state-space models},
  author    = {Koyama, Shinsuke and Castellanos P{\'e}rez-Bolde, Lucia and Shalizi, Cosma Rohilla and Kass, Robert E},
  journal   = {Journal of the American Statistical Association},
  volume    = {105},
  number    = {489},
  pages     = {170--180},
  year      = {2010},
  publisher = {Taylor \& Francis}
}

@article{pircalabelu2023spline,
  title   = {A spline-based time-varying reproduction number for modelling epidemiological outbreaks},
  author  = {Pircalabelu, Eugen},
  journal = {Journal of the Royal Statistical Society Series C: Applied Statistics},
  volume  = {72},
  number  = {3},
  pages   = {688-702},
  year    = {2023},
  month   = {04},
  issn    = {0035-9254},
  note    = {\url{https://doi.org/10.1093/jrsssc/qlad027}}
}

@article{CovidTimelineCanada,
  doi     = {10.1038/s41597-021-00955-2},
  url     = {https://doi.org/10.1038/s41597-021-00955-2},
  year    = {2021},
  month   = jul,
  volume  = {8},
  number  = {1},
  author  = {Isha Berry and Meghan O'Neill and Shelby L. Sturrock and James E. Wright and Kamal Acharya and Gabrielle Brankston and Vinyas Harish and Kathy Kornas and Nika Maani and Thivya Naganathan and Lindsay Obress and Tanya Rossi and Alison E. Simmons and Matthew Van Camp and Xiao Xie and Ashleigh R. Tuite and Amy L. Greer and David N. Fisman and Jean-Paul R. Soucy},
  title   = {A sub-national real-time epidemiological and vaccination database for the {COVID}-19 pandemic in Canada},
  journal = {Scientific Data}
}

@misc{covidbc,
  author = {BCCDC},
  title  = {{BC} {C}entre for {D}isease {C}ontrol {C}ovid-19 {D}ashboard {C}ase},
  year   = {2023},
  note   = {Retrieved from \url{http://www.bccdc.ca/Health-Info-Site/Documents/BCCDC_COVID19_Dashboard_Case_Details.csv}}
}

@article{frost1919influenza,
  title     = {{I}nfluenza in {M}aryland: preliminary statistics of certain localities},
  author    = {Frost, Wade H and Sydenstricker, Edgar},
  journal   = {Public Health Reports (1896-1970)},
  pages     = {491--504},
  year      = {1919},
  publisher = {JSTOR}
}

@article{gressani2021approximate,
  author  = {Gressani, Oswaldo and Faes, Christel and Hens, Niel},
  title   = {An approximate {B}ayesian approach for estimation of the instantaneous reproduction number under misreported epidemic data},
  journal = {Biometrical Journal},
  volume  = {65},
  number  = {6},
  pages   = {2200024},
  year    = {2022},
  note    = {\url{https://doi.org/10.1002/bimj.202200024}}
}

@article{azmon2014estimation,
  title   = {On the estimation of the reproduction number based on misreported epidemic data},
  author  = {Azmon, Amin and Faes, Christel and Hens, Niel},
  journal = {Statistics in Medicine},
  volume  = {33},
  number  = {7},
  pages   = {1176--1192},
  year    = {2014},
  note    = {\url{https://doi.org/10.1002/sim.6015}}
}

@article{koyama2021estimating,
  title   = {Estimating the time-varying reproduction number of {COVID-19} with a state-space method},
  author  = {Koyama, Shinsuke and Horie, Taiki and Shinomoto, Shigeru},
  journal = {PLoS Computational Biology},
  volume  = {17},
  number  = {1},
  pages   = {e1008679},
  year    = {2021}
}

@article{kheirati2022l2,
  title     = {L2 and L1Trend Filtering: A Kalman Filter Approach amodification},
  author    = {Kheirati Roonizi, Arman},
  year      = {2022},
  publisher = {TechRxiv}
}

@article{bank1982analysis,
  title   = {Analysis of a multilevel iterative method for nonlinear finite element equations},
  author  = {Bank, Randolph E and Rose, Donald J},
  journal = {Mathematics of Computation},
  volume  = {39},
  number  = {160},
  pages   = {453--465},
  year    = {1982}
}

@article{rai2021estimates,
  title     = {Estimates of serial interval for COVID-19: A systematic review and meta-analysis},
  author    = {Rai, Balram and Shukla, Anandi and Dwivedi, Laxmi Kant},
  journal   = {Clinical epidemiology and global health},
  volume    = {9},
  pages     = {157--161},
  year      = {2021},
  publisher = {Elsevier}
}

@article{lehtinen2021relationship,
  title   = {On the relationship between serial interval, infectiousness profile and generation time},
  author  = {Lehtinen, Sonja and Ashcroft, Peter and Bonhoeffer, Sebastian},
  journal = {Journal of the Royal Society Interface},
  volume  = {18},
  number  = {174},
  pages   = {20200756},
  year    = {2021},
  note    = {\url{https://doi.org/10.1098/rsif.2020.0756}}
}

@article{vaiter2017degrees,
  title   = {The degrees of freedom of partly smooth regularizers},
  author  = {Vaiter, Samuel and Deledalle, Charles and Fadili, Jalal and Peyr{\'e}, Gabriel and Dossal, Charles},
  journal = {Annals of the Institute of Statistical Mathematics},
  volume  = {69},
  pages   = {791--832},
  year    = {2017},
  note    = {\url{https://doi.org/10.1007/s10463-016-0563-z}}
}

@article{alene2021serial,
  title     = {Serial interval and incubation period of COVID-19: a systematic review and meta-analysis},
  author    = {Alene, Muluneh and Yismaw, Leltework and Assemie, Moges Agazhe and Ketema, Daniel Bekele and Gietaneh, Wodaje and Birhan, Tilahun Yemanu},
  journal   = {BMC Infectious Diseases},
  volume    = {21},
  pages     = {1--9},
  year      = {2021},
  publisher = {Springer}
}

@article{boelle2011transmission,
  title     = {Transmission parameters of the A/H1N1 (2009) influenza virus pandemic: a review},
  author    = {Bo{\"e}lle, Pierre-Yves and Ansart, Severine and Cori, Anne and Valleron, Alain-Jacques},
  journal   = {Influenza and other respiratory viruses},
  volume    = {5},
  number    = {5},
  pages     = {306--316},
  year      = {2011},
  publisher = {Wiley Online Library}
}

@article{white2009estimation,
  title     = {Estimation of the reproductive number and the serial interval in early phase of the 2009 influenza A/H1N1 pandemic in the USA},
  author    = {White, Laura Forsberg and Wallinga, Jacco and Finelli, Lyn and Reed, Carrie and Riley, Steven and Lipsitch, Marc and Pagano, Marcello},
  journal   = {Influenza and other respiratory viruses},
  volume    = {3},
  number    = {6},
  pages     = {267--276},
  year      = {2009},
  publisher = {Wiley Online Library}
}

@article{griffin2020rapid,
  title     = {Rapid review of available evidence on the serial interval and generation time of COVID-19},
  author    = {Griffin, John and Casey, Miriam and Collins, {\'A}ine and Hunt, Kevin and McEvoy, David and Byrne, Andrew and McAloon, Conor and Barber, Ann and Lane, Elizabeth Ann and More, SImon},
  journal   = {BMJ open},
  volume    = {10},
  number    = {11},
  pages     = {e040263},
  year      = {2020},
  publisher = {British Medical Journal Publishing Group}
}

@article{thompson2019improved,
  title   = {Improved inference of time-varying reproduction numbers during infectious disease outbreaks},
  author  = {Thompson, Robin N and Stockwin, Jake E and van Gaalen, Rolina D and Polonsky, Jonny A and Kamvar, Zhian N and Demarsh, P Alex and Dahlqwist, Elisabeth and Li, Siyang and Miguel, Eve and Jombart, Thibaut and others},
  journal = {Epidemics},
  volume  = {29},
  pages   = {100356},
  year    = {2019},
  note    = {\url{https://doi.org/10.1016/j.epidem.2019.100356}}
}

@article{parag2021improved,
  title   = {Improved estimation of time-varying reproduction numbers at low case incidence and between epidemic waves},
  author  = {Parag, Kris V},
  journal = {PLoS Computational Biology},
  volume  = {17},
  number  = {9},
  pages   = {e1009347},
  year    = {2021},
  note    = {\url{https://doi.org/10.1371/journal.pcbi.1009347}}
}

@article{brookmeyer1986minimum,
  title     = {Minimum size of the acquired immunodeficiency syndrome (AIDS) epidemic in the United States},
  author    = {Brookmeyer, Ron and Gail, MitchellH},
  journal   = {The Lancet},
  volume    = {328},
  number    = {8519},
  pages     = {1320--1322},
  year      = {1986},
  publisher = {Elsevier}
}

@article{yang2013linearized,
  title   = {Linearized augmented Lagrangian and alternating direction methods for nuclear norm minimization},
  author  = {Yang, Junfeng and Yuan, Xiaoming},
  journal = {Mathematics of computation},
  volume  = {82},
  number  = {281},
  pages   = {301--329},
  year    = {2013}
}
@article{boyd2011distributed,
  title     = {Distributed optimization and statistical learning via the alternating direction method of multipliers},
  author    = {Boyd, Stephen and Parikh, Neal and Chu, Eric and Peleato, Borja and Eckstein, Jonathan and others},
  journal   = {Foundations and Trends{\textregistered} in Machine learning},
  volume    = {3},
  number    = {1},
  pages     = {1--122},
  year      = {2011},
  publisher = {Now Publishers, Inc.}
}

@article{sadhanala2021multivariate,
  author  = {Sadhanala, Veeranjaneyulu and Wang, Yu-Xiang and Hu, Addison J and Tibshirani, Ryan J},
  journal = {arXiv preprint arXiv:2112.14758},
  title   = {Multivariate Trend Filtering for Lattice Data},
  year    = {2021}
}

@article{tibshirani2011solution,
  author    = {Tibshirani, Ryan J and Taylor, Jonathan},
  journal   = {The annals of statistics},
  title     = {The solution path of the generalized lasso},
  year      = {2011},
  number    = {3},
  pages     = {1335--1371},
  volume    = {39},
  publisher = {Institute of Mathematical Statistics}
}

@article{chen2001atomic,
  author    = {Chen, Scott Shaobing and Donoho, David L and Saunders, Michael A},
  journal   = {SIAM review},
  title     = {Atomic decomposition by basis pursuit},
  year      = {2001},
  number    = {1},
  pages     = {129--159},
  volume    = {43},
  publisher = {SIAM}
}

@article{tibshirani1996regression,
  author    = {Tibshirani, Robert},
  journal   = {Journal of the Royal Statistical Society: Series B (Methodological)},
  title     = {Regression shrinkage and selection via the lasso},
  year      = {1996},
  number    = {1},
  pages     = {267--288},
  volume    = {58},
  publisher = {Wiley Online Library}
}

@book{devore1993constructive,
  author    = {DeVore, Ronald A and Lorentz, George G},
  publisher = {Springer Science \& Business Media},
  title     = {Constructive approximation},
  year      = {1993},
  volume    = {303}
}

@article{sadhanala2019additive,
  author    = {Sadhanala, Veeranjaneyulu and Tibshirani, Ryan J},
  journal   = {The Annals of Statistics},
  title     = {Additive models with trend filtering},
  year      = {2019},
  number    = {6},
  pages     = {3032--3068},
  volume    = {47},
  publisher = {Institute of Mathematical Statistics}
}

@article{sadhanala2017higher,
  author  = {Sadhanala, Veeranjaneyulu and Wang, Yu-Xiang and Sharpnack, James L and Tibshirani, Ryan J},
  journal = {Advances in neural information processing systems},
  title   = {Higher-order total variation classes on grids: Minimax theory and trend filtering methods},
  year    = {2017},
  volume  = {30}
}

@article{kovac2011nonparametric,
  author    = {Kovac, Arne and Smith, Andrew DAC},
  journal   = {Journal of Computational and Graphical Statistics},
  title     = {Nonparametric regression on a graph},
  year      = {2011},
  number    = {2},
  pages     = {432--447},
  volume    = {20},
  publisher = {Taylor \& Francis}
}

@article{sadhanala2016total,
  author  = {Sadhanala, Veeranjaneyulu and Wang, Yu-Xiang and Tibshirani, Ryan J},
  journal = {Advances in Neural Information Processing Systems},
  title   = {Total variation classes beyond 1d: Minimax rates, and the limitations of linear smoothers},
  year    = {2016},
  volume  = {29}
}

@article{tansey2015fast,
  author  = {Tansey, Wesley and Scott, James G},
  journal = {arXiv preprint arXiv:1505.06475},
  title   = {A fast and flexible algorithm for the graph-fused lasso},
  year    = {2015}
}

@article{tibshirani2011solution,
  author    = {Tibshirani, Ryan J and Taylor, Jonathan},
  journal   = {The annals of statistics},
  title     = {The solution path of the generalized lasso},
  year      = {2011},
  number    = {3},
  pages     = {1335--1371},
  volume    = {39},
  publisher = {Institute of Mathematical Statistics}
}

@article{rinaldo2009properties,
  author    = {Rinaldo, Alessandro},
  journal   = {The Annals of Statistics},
  title     = {Properties and refinements of the fused lasso},
  year      = {2009},
  number    = {5B},
  pages     = {2922--2952},
  volume    = {37},
  publisher = {Institute of Mathematical Statistics}
}

@inproceedings{hutter2016optimal,
  author       = {H{\"u}tter, Jan-Christian and Rigollet, Philippe},
  booktitle    = {Conference on Learning Theory},
  title        = {Optimal rates for total variation denoising},
  year         = {2016},
  organization = {PMLR},
  pages        = {1115--1146}
}

@article{felzenszwalb2010dynamic,
  title     = {Dynamic programming and graph algorithms in computer vision},
  author    = {Felzenszwalb, Pedro F and Zabih, Ramin},
  journal   = {IEEE transactions on pattern analysis and machine intelligence},
  volume    = {33},
  number    = {4},
  pages     = {721--740},
  year      = {2010},
  publisher = {IEEE}
}

@article{chambolle2011first,
  title     = {A first-order primal-dual algorithm for convex problems with applications to imaging},
  author    = {Chambolle, Antonin and Pock, Thomas},
  journal   = {Journal of mathematical imaging and vision},
  volume    = {40},
  pages     = {120--145},
  year      = {2011},
  publisher = {Springer}
}

@inproceedings{alaiz2013group,
  author       = {Ala{\'\i}z, Carlos M and Barbero, Alvaro and Dorronsoro, Jos{\'e} R},
  booktitle    = {International Conference on Artificial Neural Networks},
  title        = {Group fused lasso},
  year         = {2013},
  organization = {Springer},
  pages        = {66--73}
}

@inproceedings{khodadadi2019algorithms,
  title     = {Algorithms for estimating trends in global temperature volatility},
  author    = {Khodadadi, Arash and McDonald, Daniel J},
  booktitle = {Proceedings of the AAAI Conference on Artificial Intelligence},
  volume    = {33},
  number    = {01},
  pages     = {614--621},
  year      = {2019}
}

@article{hodrick1997postwar,
  title     = {Postwar US business cycles: an empirical investigation},
  author    = {Hodrick, Robert J and Prescott, Edward C},
  journal   = {Journal of Money, credit, and Banking},
  pages     = {1--16},
  year      = {1997},
  publisher = {JSTOR}
}

@article{chambolle2009total,
  title     = {On total variation minimization and surface evolution using parametric maximum flows},
  author    = {Chambolle, Antonin and Darbon, J{\'e}r{\^o}me},
  journal   = {International journal of computer vision},
  volume    = {84},
  number    = {3},
  pages     = {288--307},
  year      = {2009},
  publisher = {Springer}
}

@article{padilla2017dfs,
  title   = {The DFS Fused Lasso: Linear-Time Denoising over General Graphs.},
  author  = {Padilla, Oscar Hernan Madrid and Sharpnack, James and Scott, James G and Tibshirani, Ryan J},
  journal = {J. Mach. Learn. Res.},
  volume  = {18},
  number  = {1},
  pages   = {6410--6445},
  year    = {2017}
}

@article{sadhanala2022exponential,
  title   = {Exponential Family Trend Filtering on Lattices},
  author  = {Sadhanala, Veeranjaneyulu and Bassett, Robert and Sharpnack, James and McDonald, Daniel J},
  journal = {arXiv preprint arXiv:2209.09175},
  year    = {2022},
  note    = {\url{https://doi.org/10.48550/arXiv.2209.09175}}
}

@manual{glmgen,
  title  = {glmgen: Fast algorithms for generalized lasso problems},
  author = {Taylor Arnold and Veeranjaneyulu Sadhanala and Ryan Tibshirani},
  year   = {2014},
  note   = {R package version 0.0.3}
}

@article{white2021statistical,
  title     = {Statistical estimation of the reproductive number from case notification data},
  author    = {White, Laura F and Moser, Carlee B and Thompson, Robin N and Pagano, Marcello},
  journal   = {American Journal of Epidemiology},
  volume    = {190},
  number    = {4},
  pages     = {611--620},
  year      = {2021},
  publisher = {Oxford University Press}
}

@article{gostic2020practical,
  title   = {Practical considerations for measuring the effective reproductive number, \emph{R}$_t$},
  author  = {Gostic, Katelyn M and McGough, Lauren and Baskerville, Edward B and Abbott, Sam and Joshi, Keya and Tedijanto, Christine and Kahn, Rebecca and Niehus, Rene and Hay, James A and De Salazar, Pablo M and others},
  journal = {PLoS Computational Biology},
  volume  = {16},
  number  = {12},
  pages   = {e1008409},
  year    = {2020},
  note    = {\url{https://doi.org/10.1371/journal.pcbi.1008409}}
}

@article{jin2023epimix,
  title   = {{EpiMix}: A novel method to estimate effective reproduction number},
  author  = {Jin, Shihui and Dickens, Borame Lee and Lim, Jue Tao and Cook, Alex R},
  journal = {Infectious Disease Modelling},
  year    = {2023},
  volume  = {8},
  number  = {3},
  pages   = {704-716},
  issn    = {2468-0427},
  note    = {\url{https://doi.org/10.1016/j.idm.2023.06.002}}
}

@article{abbott2020estimating,
  title   = {Estimating the time-varying reproduction number of {SARS-CoV-2} using national and subnational case counts},
  author  = {Abbott, Sam and Hellewell, Joel and Thompson, Robin N and Sherratt, Katharine and Gibbs, Hamish P and Bosse, Nikos I and Munday, James D and Meakin, Sophie and Doughty, Emma L and Chun, June Young and others},
  journal = {Wellcome Open Research},
  volume  = {5},
  pages   = {112},
  year    = {2020},
  note    = {\url{https://doi.org/10.12688/wellcomeopenres.16006.2}}
}
  
@misc{EpiNow2,
  title   = {epiforecasts/{EpiNow2}: 1.4.0 release},
  author  = {Sam Abbott and Sebastian Funk and Joe Hickson and Hamada S. Badr and Pietro Monticone and Peter Ellis and James Azam and James Munday and Jamie Allen and Andrew Johnson and Carl A. B. Pearson and actions-user and Lloyd Chapman and Michael DeWitt and Nikos Bosse and Sophie Meakin},
  version = {v1.4.0},
  year    = {2023},
  note    = {\url{https://doi.org/10.5281/zenodo.8380568}}
}

@article{hettinger2023estimating,
  title   = {Estimating the instantaneous reproduction number with imperfect data: a method to account for case-reporting variation and serial interval uncertainty},
  author  = {Hettinger, Gary and Rubin, David and Huang, Jing},
  journal = {arXiv preprint arXiv:2302.12078},
  year    = {2023},
  note    = {\url{https://doi.org/10.48550/arXiv.2302.12078}}
}

@misc{cori2020package,
  title   = {{EpiEstim}: estimate time varying reproduction numbers from epidemic curves},
  author  = {Cori, Anne and Cauchemez, Simon and Ferguson, Neil M and Fraser, Christophe and Dahlqwist, Elisabeth and Demarsh, P Alex and Jombart, Thibaut and Kamvar, Zhian N and Lessler, Justin and Li, Shikun and others},
  year    = {2020},
  version = {v2.2-4},
  note    = {{V}ersion 2.2-4. \url{https://cran.r-project.org/package=EpiEstim}}
}

@article{lison2023generative,
  title   = {Generative {B}ayesian modeling to nowcast the effective reproduction number from line list data with missing symptom onset dates},
  author  = {Lison, Adrian and Abbott, Sam and Huisman, Jana and Stadler, Tanja},
  journal = {arXiv preprint arXiv:2308.13262},
  year    = {2023},
  note    = {\url{https://doi.org/10.48550/arXiv.2308.13262}}
}

@article{ho2023accounting,
  title   = {Accounting for the Potential of Overdispersion in Estimation of the Time-varying Reproduction Number},
  author  = {Ho, Faith and Parag, Kris V and Adam, Dillon C and Lau, Eric HY and Cowling, Benjamin J and Tsang, Tim K},
  journal = {Epidemiology},
  volume  = {34},
  number  = {2},
  pages   = {201--205},
  year    = {2023},
  note    = {\url{https://doi.org/10.1097/ede.0000000000001563}}
}

@article{nash2023estimating,
  title   = {Estimating the epidemic reproduction number from temporally aggregated incidence data: A statistical modelling approach and software tool},
  author  = {Nash, Rebecca K and Bhatt, Samir and Cori, Anne and Nouvellet, Pierre},
  journal = {PLoS Computational Biology},
  volume  = {19},
  number  = {8},
  pages   = {e1011439},
  year    = {2023},
  note    = {\url{https://doi.org/10.1371/journal.pcbi.1011439}}
}

@article{trevisin2023spatially,
  title   = {Spatially explicit effective reproduction numbers from incidence and mobility data},
  author  = {Trevisin, Cristiano and Bertuzzo, Enrico and Pasetto, Damiano and Mari, Lorenzo and Miccoli, Stefano and Casagrandi, Renato and Gatto, Marino and Rinaldo, Andrea},
  journal = {Proceedings of the National Academy of Sciences},
  volume  = {120},
  number  = {20},
  pages   = {e2219816120},
  year    = {2023},
  note    = {\url{https://doi.org/10.1073/pnas.2219816120}}
}

@article{pitzer2021impact,
  title   = {The impact of changes in diagnostic testing practices on estimates of {COVID-19} transmission in the {U}nited {S}tates},
  author  = {Pitzer, Virginia E and Chitwood, Melanie and Havumaki, Joshua and Menzies, Nicolas A and Perniciaro, Stephanie and Warren, Joshua L and Weinberger, Daniel M and Cohen, Ted},
  journal = {American Journal of Epidemiology},
  volume  = {190},
  number  = {9},
  pages   = {1908--1917},
  year    = {2021},
  note    = {\url{https://doi.org/10.1093/aje/kwab089}}
}

@article{hitchings2021usefulness,
  title   = {The usefulness of the test-positive proportion of severe acute respiratory syndrome coronavirus 2 as a surveillance tool},
  author  = {Hitchings, Matt DT and Dean, Natalie E and Garc{\'\i}a-Carreras, Bernardo and Hladish, Thomas J and Huang, Angkana T and Yang, Bingyi and Cummings, Derek AT},
  journal = {American Journal of Epidemiology},
  volume  = {190},
  number  = {7},
  pages   = {1396--1405},
  year    = {2021},
  note    = {\url{https://doi.org/10.1093/aje/kwab023}}
}

@article{pellis2021challenges,
  title   = {Challenges in control of {COVID-19}: short doubling time and long delay to effect of interventions},
  author  = {Pellis, Lorenzo and Scarabel, Francesca and Stage, Helena B and Overton, Christopher E and Chappell, Lauren HK and Fearon, Elizabeth and Bennett, Emma and Lythgoe, Katrina A and House, Thomas A and Hall, Ian and others},
  journal = {Philosophical Transactions of the Royal Society B},
  volume  = {376},
  number  = {1829},
  pages   = {20200264},
  year    = {2021},
  note    = {\url{https://doi.org/10.1098/rstb.2020.0264}}
}
